<record><leader>00000cas a2200000 a 4500</leader><controlfield tag="001">41891054</controlfield><controlfield tag="007">hd afa015bacp</controlfield><controlfield tag="007">hd bfa015baap</controlfield><controlfield tag="007">hd bfa015babp</controlfield><controlfield tag="008">990716d18601898pauwr n a     0    0eng c</controlfield><datafield ind1=" " ind2=" " tag="010"><subfield code="a">sn 99016199 </subfield></datafield><datafield ind1=" " ind2=" " tag="040"><subfield code="a">ATL</subfield><subfield code="b">eng</subfield><subfield code="c">ATL</subfield><subfield code="d">OCLCQ</subfield><subfield code="d">OCLCF</subfield><subfield code="d">OCLCO</subfield><subfield code="d">OCLCQ</subfield></datafield><datafield ind1=" " ind2=" " tag="042"><subfield code="a">pcc</subfield></datafield><datafield ind1=" " ind2=" " tag="043"><subfield code="a">n-us---</subfield></datafield><datafield ind1="1" ind2="4" tag="050"><subfield code="a">BX8901</subfield></datafield><datafield ind1="0" ind2=" " tag="130"><subfield code="a">Presbyterian banner (Pittsburgh, Pa. : 1860)</subfield></datafield><datafield ind1="1" ind2="0" tag="245"><subfield code="a">Presbyterian banner.</subfield></datafield><datafield ind1=" " ind2=" " tag="260"><subfield code="a">Pittsburgh, Pa. :</subfield><subfield code="b">David M'Kinney &amp; Co.,</subfield><subfield code="c">1860-1898.</subfield></datafield><datafield ind1=" " ind2=" " tag="300"><subfield code="a">39 volumes :</subfield><subfield code="b">illustrations ;</subfield><subfield code="c">41-68 cm</subfield></datafield><datafield ind1=" " ind2=" " tag="310"><subfield code="a">Weekly</subfield></datafield><datafield ind1=" " ind2=" " tag="336"><subfield code="a">text</subfield><subfield code="b">txt</subfield><subfield code="2">rdacontent</subfield></datafield><datafield ind1=" " ind2=" " tag="337"><subfield code="a">microform</subfield><subfield code="b">h</subfield><subfield code="2">rdamedia</subfield></datafield><datafield ind1=" " ind2=" " tag="338"><subfield code="a">microfilm reel</subfield><subfield code="b">hd</subfield><subfield code="2">rdacarrier</subfield></datafield><datafield ind1="0" ind2=" " tag="362"><subfield code="a">Vol. 8, no. 25 (Mar. 10, 1860)-v. 84, no. 52 (June 15, 1898).</subfield></datafield><datafield ind1=" " ind2=" " tag="515"><subfield code="a">Issues for Mar. 10, 1860- called also whole no. 389-</subfield></datafield><datafield ind1=" " ind2=" " tag="515"><subfield code="a">Continues at first the numbering associated with the Presbyterian banner (Philadelphia, Pa.) and the Presbyterian banner &amp; advocate, then beginning with &lt;v. 56&gt;, assumes numbering in continuation of the Weekly recorder. Cf. issue of the Banner for July 7, 1886.</subfield></datafield><datafield ind1=" " ind2=" " tag="580"><subfield code="a">Merged with: Presbyterian messenger (Pittsburgh, Pa.); to form: Presbyterian banner (Pittsburgh, Pa. : 1898).</subfield></datafield><datafield ind1=" " ind2=" " tag="533"><subfield code="a">Microfilm.</subfield><subfield code="m">v.84 (1897/1898)</subfield><subfield code="b">Evanston, Ill. :</subfield><subfield code="c">American Theological Library Association,</subfield><subfield code="d">1970.</subfield><subfield code="e">1 microfilm reel ; 35 mm.</subfield><subfield code="f">(ATLA serials preservation program ; ATLA film S0179A).</subfield></datafield><datafield ind1=" " ind2="0" tag="650"><subfield code="a">Presbyterian Church</subfield><subfield code="v">Newspapers.</subfield></datafield><datafield ind1=" " ind2="0" tag="650"><subfield code="a">Presbyterians</subfield><subfield code="z">United States</subfield><subfield code="v">Newspapers.</subfield></datafield><datafield ind1=" " ind2="0" tag="651"><subfield code="a">Pittsburgh (Pa.)</subfield><subfield code="v">Newspapers.</subfield></datafield><datafield ind1=" " ind2="7" tag="650"><subfield code="a">Presbyterian Church.</subfield><subfield code="2">fast</subfield><subfield code="0">(OCoLC)fst01075515</subfield></datafield><datafield ind1=" " ind2="7" tag="650"><subfield code="a">Presbyterians.</subfield><subfield code="2">fast</subfield><subfield code="0">(OCoLC)fst01075567</subfield></datafield><datafield ind1=" " ind2="7" tag="651"><subfield code="a">Pennsylvania</subfield><subfield code="z">Pittsburgh.</subfield><subfield code="2">fast</subfield><subfield code="0">(OCoLC)fst01205171</subfield></datafield><datafield ind1=" " ind2="7" tag="651"><subfield code="a">United States.</subfield><subfield code="2">fast</subfield><subfield code="0">(OCoLC)fst01204155</subfield></datafield><datafield ind1=" " ind2="7" tag="655"><subfield code="a">Newspapers.</subfield><subfield code="2">fast</subfield><subfield code="0">(OCoLC)fst01423814</subfield></datafield><datafield ind1=" " ind2=" " tag="752"><subfield code="a">United States</subfield><subfield code="b">Pennsylvania</subfield><subfield code="c">Allegheny</subfield><subfield code="d">Pittsburgh.</subfield></datafield><datafield ind1="1" ind2=" " tag="776"><subfield code="c">Original</subfield><subfield code="w">(DLC)sn 88086163</subfield><subfield code="w">(OCoLC)8447129</subfield></datafield><datafield ind1="0" ind2="0" tag="780"><subfield code="t">Presbyterian banner &amp; advocate</subfield></datafield><datafield ind1="1" ind2="7" tag="785"><subfield code="t">Presbyterian messenger (Pittsburgh, Pa.)</subfield></datafield><datafield ind1="1" ind2="7" tag="785"><subfield code="t">Presbyterian banner (Pittsburgh, Pa. : 1898)</subfield><subfield code="w">(DLC)sn 99016198</subfield><subfield code="w">(OCoLC)41891001</subfield></datafield><datafield ind1=" " ind2="0" tag="830"><subfield code="a">ATLA serials preservation program ;</subfield><subfield code="v">ATLA film S0179A.</subfield></datafield></record>